@inproceedings{ludovico2008key,
  title={Key concepts of the IEEE 1599 Standard},
  author={Ludovico, Luca A},
  booktitle={Proceedings of the IEEE CS Conference The Use of Symbols To Represent Music And Multimedia Objects, IEEE CS, Lugano, Switzerland},
  pages={15--26},
  year={2008}
}

@inproceedings{barate2010tecnologie,
  title={Tecnologie basate su XML per la fruizione avanzata dei contenuti musicali},
  author={Barat{\`e}, Adriano and Ludovico, Luca A and Mauro, Davide A},
  booktitle={Conferenza GARR\_09 Selected papers},
  pages={43},
  year={2010}
}

@article{walsh1998xml,
  title={What is XML},
  author={Walsh, Norman},
  journal={XML. commune},
  year={1998}
}